<?xml version="1.0" encoding="UTF-8"?><collection><record><leader>07485ntm a2200565 a 4500</leader><controlfield tag="001">006491283</controlfield><controlfield tag="003">MiAaHDL</controlfield><controlfield tag="005">20190719000000.0</controlfield><controlfield tag="006">m        d        </controlfield><controlfield tag="007">cr bn ---auaua</controlfield><controlfield tag="008">090417s1789    xx            00| ||ara d</controlfield><datafield tag="035" ind1=" " ind2=" "><subfield code="a">(MiU)006491283</subfield></datafield><datafield tag="035" ind1=" " ind2=" "><subfield code="a">sdr-miu006491283</subfield></datafield><datafield tag="040" ind1=" " ind2=" "><subfield code="a">MiU</subfield><subfield code="c">MiU</subfield><subfield code="e">amremm</subfield></datafield><datafield tag="043" ind1=" " ind2=" "><subfield code="a">n-us-mi</subfield></datafield><datafield tag="100" ind1="1" ind2=" "><subfield code="6">880-01</subfield><subfield code="a">Khaṭīb al-Tamartāshī, Muḥammad ibn ʻAbd Allāh,</subfield><subfield code="d">1532 or 1533-1595 or 1596.</subfield></datafield><datafield tag="245" ind1="1" ind2="0"><subfield code="6">880-03</subfield><subfield code="a">Tanwīr al-abṣār wa-jāmiʻ al-biḥār,</subfield><subfield code="f">[1203, i.e. 1789].</subfield></datafield><datafield tag="246" ind1="3" ind2=" "><subfield code="i">Title from fore-edge flap label:</subfield><subfield code="a">تنوير الابصار</subfield></datafield><datafield tag="260" ind1=" " ind2=" "><subfield code="c">[1789]</subfield></datafield><datafield tag="300" ind1=" " ind2=" "><subfield code="a">189 leaves :</subfield><subfield code="b">paper ;</subfield><subfield code="c">220 x 150 (147 x 61) mm. bound to 220 x 150-155 mm.</subfield></datafield><datafield tag="500" ind1=" " ind2=" "><subfield code="a">Shelfmark: Ann Arbor, University of Michigan, Special Collections Library, Isl. Ms. 94</subfield></datafield><datafield tag="500" ind1=" " ind2=" "><subfield code="a">Origin: As appears in colophon on p.377, copied by Muḥammad ibn ʻUmar ibn al-Isbarī [?]. Transcription finished ("tamma tanmīq Tanwīr al-abṣār...") 20 Jumādá II 1203 [ca. 18 March 1789].</subfield></datafield><datafield tag="500" ind1=" " ind2=" "><subfield code="a">Accompanying materials: Slip with notes (paginated pp.107-108).</subfield></datafield><datafield tag="500" ind1=" " ind2=" "><subfield code="a">Former shelfmark: British Museum, London "No. 3. Tanwir al-absar."</subfield></datafield><datafield tag="500" ind1=" " ind2=" "><subfield code="a">Binding: Pasteboards covered in deep red leather ; Type II binding (with flap) ; board linings in yellow laid paper, interior of fore-edge flap in red leather ; upper and lower covers carry blind-stamped mandorla (with floral vegetal composition, compare Déroche class. OAi 4), pendants and roll-border in a series of s-shaped stamps framed by tooled fillets ; envelope flap carries blind-stamped pendant ; sewn in white thread, two stations ; worked endbands in pink and green, fair condition ; overall in poor condition with significant abrasion, staining, lifting and losses of leather (particularly fore-edge flap at lower cover), delamination of boards, spine slant (slightly cocked) etc.</subfield></datafield><datafield tag="500" ind1=" " ind2=" "><subfield code="a">Support: European laid paper of several types ; one type well-burnished with many inclusions visible, 9 laid lines per cm. (vertical), chain lines spaced 26 mm. apart (horizontal), crown with beaded chain [?] watermark ; another type smoother, with fewer inclusions visible, 12 laid lines per cm. (vertical) and chain lines spaced 25 mm. apart (horizontal), and a type of coat of arms watermark ; yet another type with fewer inclusions, not as well-burnished, 9 laid lines per cm. (vertical), chain lines spaced 28-30 mm. apart (horizontal), and what appears to be fleur des lis with grapes watermark ; much staining, some leather burn.</subfield></datafield><datafield tag="500" ind1=" " ind2=" "><subfield code="a">Decoration: Illuminated headpiece (ʻunwān) at opening on p.10, consisting of rectangular piece surmounted by scalloped semi-circular piece (dome) set in a well of orange-red and gold with black accents ; rectangular piece carries empty gold panel surrounded by border in yellow with black accents ; semi-circular piece (dome) carries crude floral vegetal design in red, white, and yellow on a field of gold ; written area of incipit and facing page surrounded by gold frame, elsewhere written area surrounded by red rule-border ; keywords, section headings, some notabilia, and abbreviation symbols rubricated throughout ; some overlining and textual dividers in the form of discs in red.</subfield></datafield><datafield tag="500" ind1=" " ind2=" "><subfield code="a">Script: Naskh ; bold Turkish hand ; mainly serifless though right-sloping head serif occasionally appears ; effect of tilt to left ; fairly rounded ; mainly closed counters.</subfield></datafield><datafield tag="500" ind1=" " ind2=" "><subfield code="a">Layout: Written in 19 lines per page ; frame-ruled.</subfield></datafield><datafield tag="500" ind1=" " ind2=" "><subfield code="a">Collation: i, I+1 (3), 18 V(183), III (189) ; chiefly quinions ; catchwords present ; foliation in black ink, Hindu-Arabic numerals ; pagination in pencil, Western numerals, supplied during digitization (includes front flyleaf and insert, mistakenly repeats pp.236-237).</subfield></datafield><datafield tag="500" ind1=" " ind2=" "><subfield code="a">Colophon: "Scribal," triangular, reads: "تم تنميق كتاب تنوير الابصار بعون الله الملك اللطيف المختار على يد افقر الكتاب واحقر الطلاب محمد بن عمر بن الاسبري عفى عنهما العفو العلي في اليوم العشرين من جمادى الاخرة لسنة ثلث ومائتين والف من الهجرة النبوية عليه افضل الصلاة واكمل التحية اللهم يسر لي العمل بما يحويه كما يسرت كتابته مع قراءته بحرمة حبيبك المصطفى ورسولك المجبتى وبحرمة جملة القرش والامين على وحي السماء امين تم"</subfield></datafield><datafield tag="500" ind1=" " ind2=" "><subfield code="a">Explicit: "ومن صالح من الورثة والغرماء على شيء منها طرح ثم قسم الباقي على سهام من بقي منهم والله سبحانه اعلم بالصواب"</subfield></datafield><datafield tag="500" ind1=" " ind2=" "><subfield code="a">Incipit: "الحمد لله الذي أحكم أحكام الشرع الشريف وأعلى مناره وأعز من قام باعبائه وأغلى مقادره ... وبعد فيقول الواثق بمولاه محمد ابن عبد الله لما رأيت الهمم مائلة الى المختصرات المضبوطة راغبة عن الكتب المبسوطة اردت ان اكتب متنا مشتملا على كثير من مسائل المتون المعتمدة محيطا بفرائد نفيسة عنها اكثر المختصرات ... وسميته بتنوير الابصار وجامع البحار ..."</subfield></datafield><datafield tag="500" ind1=" " ind2=" "><subfield code="a">Title from inscription following table of contents (p.7) and in opening (p.10).</subfield></datafield><datafield tag="500" ind1=" " ind2=" "><subfield code="a">Ms. codex.</subfield></datafield><datafield tag="510" ind1="4" ind2=" "><subfield code="a">Brockelmann, C. GAL,</subfield><subfield code="c">II, 311</subfield></datafield><datafield tag="520" ind1="8" ind2=" "><subfield code="a">Fine copy of the compendium of Ḥanafī law by Shams al-Dīn Muḥammad ibn ʻAbd Allāh al-Timirtāshī.</subfield></datafield><datafield tag="538" ind1=" " ind2=" "><subfield code="a">Mode of access: Internet.</subfield></datafield><datafield tag="541" ind1=" " ind2=" "><subfield code="c">Purchase ;</subfield><subfield code="a">Acquired by purchase along with Abdul Hamid Collection (funds donated by Horace Rackham).</subfield><subfield code="d">1924.</subfield></datafield><datafield tag="546" ind1=" " ind2=" "><subfield code="a">Arabic.</subfield></datafield><datafield tag="561" ind1=" " ind2=" "><subfield code="a">Bookplate of British Museum, London on upper cover,"British Museum, London.No. 3. Tanwir al-absar." ; circular seal impression with figure of goat/gazelle in purple ink as well as inscription "178" in Western numerals on front flyleaf (p.1) ; on blue-tinted paper pasted on ’title page’ (p.9), a detailed waqf statement in the name of al-Sayyid ʻAbd Allāh Adīb (Abdullah Edip), known as Jannatʹzādah (Cennet-zade), qāḍī of Erzurum, accompanied by his seal, reads: "وقفت وقفا صحيحا شرعيا على ان لا يخرج من بيت الكتب الملتصق بداري الا لعلماء سكنوا بارضروم بكفيل مرعى اورهن قوي وانا الفقير السيد عبد الله اديب الشهير بجنت زاده القاضي بمدينة ارضروم في سنة اثنى وستين ومائتين والف" ; glosses and occasional marginal corrections and notabilia (side-heads).</subfield></datafield><datafield tag="650" ind1=" " ind2="0"><subfield code="a">Manuscripts, Arabic</subfield><subfield code="z">Michigan</subfield><subfield code="z">Ann Arbor.</subfield></datafield><datafield tag="650" ind1=" " ind2="0"><subfield code="a">Hanifites</subfield><subfield code="v">Early works to 1800.</subfield></datafield><datafield tag="650" ind1=" " ind2="0"><subfield code="a">Islamic law</subfield><subfield code="v">Early works to 1800.</subfield></datafield><datafield tag="655" ind1=" " ind2="7"><subfield code="a">Headpieces (layout features)</subfield><subfield code="y">18th century.</subfield><subfield code="2">aat</subfield></datafield><datafield tag="700" ind1="0" ind2=" "><subfield code="6">880-05</subfield><subfield code="a">Muḥammad ibn ʻUmar al-Isbarī,</subfield><subfield code="d">fl. 1789,</subfield><subfield code="e">scribe.</subfield></datafield><datafield tag="773" ind1="0" ind2=" "><subfield code="a">Tiflis Collection</subfield></datafield><datafield tag="880" ind1="0" ind2=" "><subfield code="6">700-05/</subfield><subfield code="a">محمد بن عمر الاسبري،</subfield><subfield code="e">ناسخ.</subfield></datafield><datafield tag="880" ind1="1" ind2="0"><subfield code="6">245-03/</subfield><subfield code="a">تنوير الأبصار وجامع البحار,</subfield><subfield code="f">[1203ه, 1789م].</subfield></datafield><datafield tag="880" ind1="1" ind2=" "><subfield code="6">100-01/</subfield><subfield code="a">.خطيب التمرتاشي، محمد بن عبد الله</subfield></datafield><datafield tag="CID" ind1=" " ind2=" "><subfield code="a">006491283</subfield></datafield><datafield tag="DAT" ind1="0" ind2=" "><subfield code="a">20190719102634.0</subfield><subfield code="b">20190719000000.0</subfield></datafield><datafield tag="DAT" ind1="1" ind2=" "><subfield code="a">20190719090653.0</subfield><subfield code="b">2019-07-19T16:11:02Z</subfield></datafield><datafield tag="DAT" ind1="2" ind2=" "><subfield code="a">2015-10-10T18:00:06Z</subfield></datafield><datafield tag="CAT" ind1=" " ind2=" "><subfield code="a">SDR-MIU</subfield><subfield code="d">EX LIBRIS - ALEPH</subfield><subfield code="l">prepare.pl-004-008</subfield></datafield><datafield tag="FMT" ind1=" " ind2=" "><subfield code="a">BK</subfield></datafield><datafield tag="HOL" ind1=" " ind2=" "><subfield code="0">sdr-miu006491283</subfield><subfield code="a">MiU</subfield><subfield code="b">SDR</subfield><subfield code="c">MIU</subfield><subfield code="p">mdp.39015079124734</subfield><subfield code="s">MIU</subfield><subfield code="1">006491283</subfield></datafield><datafield tag="974" ind1=" " ind2=" "><subfield code="b">MIU</subfield><subfield code="c">MIU</subfield><subfield code="d">20190719</subfield><subfield code="s">lit-dlps-dc</subfield><subfield code="u">mdp.39015079124734</subfield><subfield code="y">1789</subfield><subfield code="r">pd</subfield><subfield code="q">bib</subfield><subfield code="t">non-US bib date1 &lt; 1896</subfield></datafield></record></collection>